@inproceedings{klimovic2016flash,
  title={Flash storage disaggregation},
  author={Klimovic, Ana and Kozyrakis, Christos and Thereska, Eno and John, Binu and Kumar, Sanjeev},
  booktitle={Proceedings of the Eleventh European Conference on Computer Systems},
  pages={29},
  year={2016},
  organization={ACM}
}

@misc{leverich2014mutilate,
  title={Mutilate: high-performance memcached load generator},
  author={Leverich, Jacob},
  year={2014}
}

@misc{amazon2010amazon,
  title={Amazon Elastic Block Store},
  author={Amazon, EBS},
  year={2010}
}

@misc{vmware2013vmware,
  title={VMware Virtual SAN},
  author={VMWARE, INC},
  year={2013}
}

@inproceedings{lee1996petal,
  title={Petal: Distributed virtual disks},
  author={Lee, Edward K and Thekkath, Chandramohan A},
  booktitle={ACM SIGPLAN Notices},
  volume={31},
  number={9},
  pages={84--92},
  year={1996},
  organization={ACM}
}

@inproceedings{warfield2005parallax,
  title={Parallax: Managing Storage for a Million Machines.},
  author={Warfield, Andrew and Ross, Russ and Fraser, Keir and Limpach, Christian and Hand, Steven},
  booktitle={HotOS},
  year={2005}
}

@inproceedings{mickens2014blizzard,
  title={Blizzard: Fast, Cloud-scale Block Storage for Cloud-oblivious Applications.},
  author={Mickens, James W and Nightingale, Edmund B and Elson, Jeremy and Gehring, Darren and Fan, Bin and Kadav, Asim and Chidambaram, Vijay and Khan, Osama and Nareddy, Krishna},
  booktitle={NSDI},
  pages={257--273},
  year={2014}
}
@inproceedings{gu2017efficient,
  title={Efficient Memory Disaggregation with Infiniswap.},
  author={Gu, Juncheng and Lee, Youngmoon and Zhang, Yiwen and Chowdhury, Mosharaf and Shin, Kang G},
  booktitle={NSDI},
  pages={649--667},
  year={2017}
}

@inproceedings{shan2018legoos,
  title={LegoOS: A Disseminated, Distributed $\{$OS$\}$ for Hardware Resource Disaggregation},
  author={Shan, Yizhou and Huang, Yutong and Chen, Yilun and Zhang, Yiying},
  booktitle={13th $\{$USENIX$\}$ Symposium on Operating Systems Design and Implementation ($\{$OSDI$\}$ 18)},
  pages={69--87},
  year={2018}
}

@inproceedings{zellweger2014decoupling,
  title={Decoupling Cores, Kernels, and Operating Systems.},
  author={Zellweger, Gerd and Gerber, Simon and Kourtis, Kornilios and Roscoe, Timothy},
  booktitle={OSDI},
  volume={14},
  pages={17--31},
  year={2014}
}

@article{tanenbaum1991amoeba,
  title={The Amoeba distributed operating system-a status report},
  author={Tanenbaum, Andrew S and Kaashoek, M Frans and Renesse, R van and Bal, H},
  year={1991}
}

@inproceedings{nightingale2009helios,
  title={Helios: heterogeneous multiprocessing with satellite kernels},
  author={Nightingale, Edmund B and Hodson, Orion and McIlroy, Ross and Hawblitzel, Chris and Hunt, Galen},
  booktitle={Proceedings of the ACM SIGOPS 22nd symposium on Operating systems principles},
  pages={221--234},
  year={2009},
  organization={ACM}
}

@misc{intel2018corei9,
  howpublished = {\url{https://www3.intel.com/content/dam/www/public/us/en/documents/product-briefs/9th-gen-core-desktop-brief.pdf}},
  title={9th Generation Intel Core Desktop Processors},
  author={Intel},
}

@misc{wikipedia2019nvm,
  howpublished = {\url{https://en.wikipedia.org/wiki/Non-volatile_memory}},
  title={Non-volatile memory},
  author={Wikipedia},
}

@article{zhang2010cloud,
  title={Cloud computing: state-of-the-art and research challenges},
  author={Zhang, Qi and Cheng, Lu and Boutaba, Raouf},
  journal={Journal of internet services and applications},
  volume={1},
  number={1},
  pages={7--18},
  year={2010},
  publisher={Springer}
}

@inproceedings{wei2015fast,
  title={Fast in-memory transaction processing using RDMA and HTM},
  author={Wei, Xingda and Shi, Jiaxin and Chen, Yanzhe and Chen, Rong and Chen, Haibo},
  booktitle={Proceedings of the 25th Symposium on Operating Systems Principles},
  pages={87--104},
  year={2015},
  organization={ACM}
}

@inproceedings{shi2016fast,
  title={Fast and Concurrent RDF Queries with RDMA-Based Distributed Graph Exploration.},
  author={Shi, Jiaxin and Yao, Youyang and Chen, Rong and Chen, Haibo and Li, Feifei},
  booktitle={OSDI},
  volume={16},
  pages={317--332},
  year={2016}
}

@inproceedings{chen2008transparent,
  title={A transparent remote paging model for virtual machines},
  author={Chen, Haogang and Luo, Yingwei and Wang, Xiaolin and Zhang, Binbin and Sun, Yifeng and Wang, Zhenlin},
  booktitle={International Workshop on Virtualization Technology},
  year={2008}
}

@inproceedings{newhall2003nswap,
  title={Nswap: A network swapping module for linux clusters},
  author={Newhall, Tia and Finney, Sean and Ganchev, Kuzman and Spiegel, Michael},
  booktitle={European Conference on Parallel Processing},
  pages={1160--1169},
  year={2003},
  organization={Springer}
}

@article{flouris1999network,
  title={The network RamDisk: Using remote memory on heterogeneous NOWs},
  author={Flouris, Michail D and Markatos, Evangelos P},
  journal={Cluster Computing},
  volume={2},
  number={4},
  pages={281--293},
  year={1999},
  publisher={Springer}
}

@book{carter1991implementation,
  title={Implementation and performance of Munin},
  author={Carter, John B and Bennett, John K and Zwaenepoel, Willy},
  volume={25},
  number={5},
  year={1991},
  publisher={ACM}
}

@article{li1989memory,
  title={Memory coherence in shared virtual memory systems},
  author={Li, Kai and Hudak, Paul},
  journal={ACM Transactions on Computer Systems (TOCS)},
  volume={7},
  number={4},
  pages={321--359},
  year={1989},
  publisher={ACM}
}

@article{nitzberg1991distributed,
  title={Distributed shared memory: A survey of issues and algorithms},
  author={Nitzberg, Bill and Lo, Virginia},
  journal={Computer},
  volume={24},
  number={8},
  pages={52--60},
  year={1991},
  publisher={IEEE}
}

@inproceedings{gfs,
title	= {The Google File System},
author	= {Sanjay Ghemawat and Howard Gobioff and Shun-Tak Leung},
year	= {2003},
booktitle	= {Proceedings of the 19th ACM Symposium on Operating  Systems Principles},
pages	= {20--43},
address	= {Bolton Landing, NY}
}

@inproceedings{shvachko2010hadoop,
  title={The hadoop distributed file system},
  author={Shvachko, Konstantin and Kuang, Hairong and Radia, Sanjay and Chansler, Robert},
  booktitle={Mass storage systems and technologies (MSST), 2010 IEEE 26th symposium on},
  pages={1--10},
  year={2010},
  organization={Ieee}
}

@misc{nimbusdata,
  howpublished = {\url{https://nimbusdata.com/press/nimbus-data-launches-worlds-largest-solid-state-drive-100-terabytes-power-data-driven-innovation/}},
  title={Nimbus Data Launches the World’s Largest Solid State Drive – 100 Terabytes – to Power Data-driven Innovation},
  author={Nimbus Data},
}

@misc{optane,
  howpublished = {\url{https://www.intel.cn/content/www/cn/zh/products/memory-storage/solid-state-drives/gaming-enthusiast-ssds/optane-905p-series/905p-480gb-2-5-inch-20nm.html}},
  title={INTEL OPTANE SSD 905P SERIES},
  author={Intel},
}
@inproceedings {186173,
author = {Andrew Baumann and Marcus Peinado and Galen Hunt},
title = {Shielding Applications from an Untrusted Cloud with Haven},
booktitle = {11th {USENIX} Symposium on Operating Systems Design and Implementation ({OSDI} 14)},
year = {2014},
isbn = { 978-1-931971-16-4},
address = {Broomfield, CO},
pages = {267--283},
url = {https://www.usenix.org/conference/osdi14/technical-sessions/presentation/baumann},
publisher = {{USENIX} Association},
month = oct,
}