@inproceedings {186173,
author = {Andrew Baumann and Marcus Peinado and Galen Hunt},
title = {Shielding Applications from an Untrusted Cloud with Haven},
booktitle = {11th {USENIX} Symposium on Operating Systems Design and Implementation ({OSDI} 14)},
year = {2014},
isbn = { 978-1-931971-16-4},
address = {Broomfield, CO},
pages = {267--283},
url = {https://www.usenix.org/conference/osdi14/technical-sessions/presentation/baumann},
publisher = {{USENIX} Association},
month = oct,
}